%YAML 1.1
%TAG !u! tag:unity3d.com,2011:
--- !u!1 &100000
GameObject:
  m_ObjectHideFlags: 0
  m_PrefabParentObject: {fileID: 0}
  m_PrefabInternal: {fileID: 100100000}
  serializedVersion: 4
  m_Component:
  - 4: {fileID: 400000}
  - 212: {fileID: 21200000}
  - 60: {fileID: 6000006}
  - 50: {fileID: 5000006}
  m_Layer: 0
  m_Name: GoldenRockPart_0000s_0006_srock1
  m_TagString: Untagged
  m_Icon: {fileID: 0}
  m_NavMeshLayer: 0
  m_StaticEditorFlags: 0
  m_IsActive: 1
--- !u!1 &100002
GameObject:
  m_ObjectHideFlags: 0
  m_PrefabParentObject: {fileID: 0}
  m_PrefabInternal: {fileID: 100100000}
  serializedVersion: 4
  m_Component:
  - 4: {fileID: 400002}
  - 212: {fileID: 21200002}
  - 60: {fileID: 6000010}
  - 50: {fileID: 5000010}
  m_Layer: 0
  m_Name: GoldenRockPart_0000s_0005_srock2
  m_TagString: Untagged
  m_Icon: {fileID: 0}
  m_NavMeshLayer: 0
  m_StaticEditorFlags: 0
  m_IsActive: 1
--- !u!1 &100004
GameObject:
  m_ObjectHideFlags: 0
  m_PrefabParentObject: {fileID: 0}
  m_PrefabInternal: {fileID: 100100000}
  serializedVersion: 4
  m_Component:
  - 4: {fileID: 400004}
  - 212: {fileID: 21200004}
  - 60: {fileID: 6000012}
  - 50: {fileID: 5000012}
  m_Layer: 0
  m_Name: GoldenRockPart_0000s_0004_srock3
  m_TagString: Untagged
  m_Icon: {fileID: 0}
  m_NavMeshLayer: 0
  m_StaticEditorFlags: 0
  m_IsActive: 1
--- !u!1 &100006
GameObject:
  m_ObjectHideFlags: 0
  m_PrefabParentObject: {fileID: 0}
  m_PrefabInternal: {fileID: 100100000}
  serializedVersion: 4
  m_Component:
  - 4: {fileID: 400006}
  - 212: {fileID: 21200006}
  - 60: {fileID: 6000008}
  - 50: {fileID: 5000008}
  m_Layer: 0
  m_Name: GoldenRockPart_0000s_0003_srock4
  m_TagString: Untagged
  m_Icon: {fileID: 0}
  m_NavMeshLayer: 0
  m_StaticEditorFlags: 0
  m_IsActive: 1
--- !u!1 &100008
GameObject:
  m_ObjectHideFlags: 0
  m_PrefabParentObject: {fileID: 0}
  m_PrefabInternal: {fileID: 100100000}
  serializedVersion: 4
  m_Component:
  - 4: {fileID: 400008}
  - 212: {fileID: 21200008}
  - 60: {fileID: 6000004}
  - 50: {fileID: 5000004}
  m_Layer: 0
  m_Name: GoldenRockPart_0000s_0002_srock5
  m_TagString: Untagged
  m_Icon: {fileID: 0}
  m_NavMeshLayer: 0
  m_StaticEditorFlags: 0
  m_IsActive: 1
--- !u!1 &100010
GameObject:
  m_ObjectHideFlags: 0
  m_PrefabParentObject: {fileID: 0}
  m_PrefabInternal: {fileID: 100100000}
  serializedVersion: 4
  m_Component:
  - 4: {fileID: 400010}
  - 212: {fileID: 21200010}
  - 114: {fileID: 11400000}
  - 114: {fileID: 11400002}
  m_Layer: 0
  m_Name: GoldenRockLevel2_AfterImpact
  m_TagString: Coin
  m_Icon: {fileID: 0}
  m_NavMeshLayer: 0
  m_StaticEditorFlags: 0
  m_IsActive: 1
--- !u!1 &100012
GameObject:
  m_ObjectHideFlags: 0
  m_PrefabParentObject: {fileID: 0}
  m_PrefabInternal: {fileID: 100100000}
  serializedVersion: 4
  m_Component:
  - 4: {fileID: 400012}
  - 212: {fileID: 21200012}
  - 60: {fileID: 6000000}
  - 50: {fileID: 5000000}
  m_Layer: 0
  m_Name: GoldenRockPart_0000s_0001_srock6
  m_TagString: Untagged
  m_Icon: {fileID: 0}
  m_NavMeshLayer: 0
  m_StaticEditorFlags: 0
  m_IsActive: 1
--- !u!1 &100014
GameObject:
  m_ObjectHideFlags: 0
  m_PrefabParentObject: {fileID: 0}
  m_PrefabInternal: {fileID: 100100000}
  serializedVersion: 4
  m_Component:
  - 4: {fileID: 400014}
  - 212: {fileID: 21200014}
  - 60: {fileID: 6000002}
  - 50: {fileID: 5000002}
  m_Layer: 0
  m_Name: GoldenRockPart_0000s_0000_srock7
  m_TagString: Untagged
  m_Icon: {fileID: 0}
  m_NavMeshLayer: 0
  m_StaticEditorFlags: 0
  m_IsActive: 1
--- !u!4 &400000
Transform:
  m_ObjectHideFlags: 1
  m_PrefabParentObject: {fileID: 0}
  m_PrefabInternal: {fileID: 100100000}
  m_GameObject: {fileID: 100000}
  m_LocalRotation: {x: 0, y: 0, z: 0, w: 1}
  m_LocalPosition: {x: 0, y: 0, z: 0}
  m_LocalScale: {x: 1, y: 1, z: 1}
  m_Children: []
  m_Father: {fileID: 400010}
  m_RootOrder: 6
--- !u!4 &400002
Transform:
  m_ObjectHideFlags: 1
  m_PrefabParentObject: {fileID: 0}
  m_PrefabInternal: {fileID: 100100000}
  m_GameObject: {fileID: 100002}
  m_LocalRotation: {x: 0, y: 0, z: 0, w: 1}
  m_LocalPosition: {x: 0, y: 0, z: 0}
  m_LocalScale: {x: 1, y: 1, z: 1}
  m_Children: []
  m_Father: {fileID: 400010}
  m_RootOrder: 5
--- !u!4 &400004
Transform:
  m_ObjectHideFlags: 1
  m_PrefabParentObject: {fileID: 0}
  m_PrefabInternal: {fileID: 100100000}
  m_GameObject: {fileID: 100004}
  m_LocalRotation: {x: 0, y: 0, z: 0, w: 1}
  m_LocalPosition: {x: 0, y: 0, z: 0}
  m_LocalScale: {x: 1, y: 1, z: 1}
  m_Children: []
  m_Father: {fileID: 400010}
  m_RootOrder: 4
--- !u!4 &400006
Transform:
  m_ObjectHideFlags: 1
  m_PrefabParentObject: {fileID: 0}
  m_PrefabInternal: {fileID: 100100000}
  m_GameObject: {fileID: 100006}
  m_LocalRotation: {x: 0, y: 0, z: 0, w: 1}
  m_LocalPosition: {x: 0, y: 0, z: 0}
  m_LocalScale: {x: 1, y: 1, z: 1}
  m_Children: []
  m_Father: {fileID: 400010}
  m_RootOrder: 3
--- !u!4 &400008
Transform:
  m_ObjectHideFlags: 1
  m_PrefabParentObject: {fileID: 0}
  m_PrefabInternal: {fileID: 100100000}
  m_GameObject: {fileID: 100008}
  m_LocalRotation: {x: 0, y: 0, z: 0, w: 1}
  m_LocalPosition: {x: 0, y: 0, z: 0}
  m_LocalScale: {x: 1, y: 1, z: 1}
  m_Children: []
  m_Father: {fileID: 400010}
  m_RootOrder: 2
--- !u!4 &400010
Transform:
  m_ObjectHideFlags: 1
  m_PrefabParentObject: {fileID: 0}
  m_PrefabInternal: {fileID: 100100000}
  m_GameObject: {fileID: 100010}
  m_LocalRotation: {x: 0, y: 0, z: 0, w: 1}
  m_LocalPosition: {x: 0, y: -9.39999962, z: 0}
  m_LocalScale: {x: 1, y: 1, z: 1}
  m_Children:
  - {fileID: 400014}
  - {fileID: 400012}
  - {fileID: 400008}
  - {fileID: 400006}
  - {fileID: 400004}
  - {fileID: 400002}
  - {fileID: 400000}
  m_Father: {fileID: 0}
  m_RootOrder: 0
--- !u!4 &400012
Transform:
  m_ObjectHideFlags: 1
  m_PrefabParentObject: {fileID: 0}
  m_PrefabInternal: {fileID: 100100000}
  m_GameObject: {fileID: 100012}
  m_LocalRotation: {x: 0, y: 0, z: 0, w: 1}
  m_LocalPosition: {x: 0, y: 0, z: 0}
  m_LocalScale: {x: 1, y: 1, z: 1}
  m_Children: []
  m_Father: {fileID: 400010}
  m_RootOrder: 1
--- !u!4 &400014
Transform:
  m_ObjectHideFlags: 1
  m_PrefabParentObject: {fileID: 0}
  m_PrefabInternal: {fileID: 100100000}
  m_GameObject: {fileID: 100014}
  m_LocalRotation: {x: 0, y: 0, z: 0, w: 1}
  m_LocalPosition: {x: 0, y: 0, z: 0}
  m_LocalScale: {x: 1, y: 1, z: 1}
  m_Children: []
  m_Father: {fileID: 400010}
  m_RootOrder: 0
--- !u!50 &5000000
Rigidbody2D:
  m_ObjectHideFlags: 1
  m_PrefabParentObject: {fileID: 0}
  m_PrefabInternal: {fileID: 100100000}
  m_GameObject: {fileID: 100012}
  m_Mass: .5
  m_LinearDrag: 0
  m_AngularDrag: .0500000007
  m_GravityScale: .5
  m_FixedAngle: 0
  m_IsKinematic: 0
  m_Interpolate: 2
  m_SleepingMode: 1
  m_CollisionDetection: 0
--- !u!50 &5000002
Rigidbody2D:
  m_ObjectHideFlags: 1
  m_PrefabParentObject: {fileID: 0}
  m_PrefabInternal: {fileID: 100100000}
  m_GameObject: {fileID: 100014}
  m_Mass: .5
  m_LinearDrag: 0
  m_AngularDrag: .0500000007
  m_GravityScale: .5
  m_FixedAngle: 0
  m_IsKinematic: 0
  m_Interpolate: 2
  m_SleepingMode: 1
  m_CollisionDetection: 0
--- !u!50 &5000004
Rigidbody2D:
  m_ObjectHideFlags: 1
  m_PrefabParentObject: {fileID: 0}
  m_PrefabInternal: {fileID: 100100000}
  m_GameObject: {fileID: 100008}
  m_Mass: .5
  m_LinearDrag: 0
  m_AngularDrag: .0500000007
  m_GravityScale: .5
  m_FixedAngle: 0
  m_IsKinematic: 0
  m_Interpolate: 2
  m_SleepingMode: 1
  m_CollisionDetection: 0
--- !u!50 &5000006
Rigidbody2D:
  m_ObjectHideFlags: 1
  m_PrefabParentObject: {fileID: 0}
  m_PrefabInternal: {fileID: 100100000}
  m_GameObject: {fileID: 100000}
  m_Mass: .400000006
  m_LinearDrag: 0
  m_AngularDrag: .0500000007
  m_GravityScale: .5
  m_FixedAngle: 0
  m_IsKinematic: 0
  m_Interpolate: 2
  m_SleepingMode: 1
  m_CollisionDetection: 0
--- !u!50 &5000008
Rigidbody2D:
  m_ObjectHideFlags: 1
  m_PrefabParentObject: {fileID: 0}
  m_PrefabInternal: {fileID: 100100000}
  m_GameObject: {fileID: 100006}
  m_Mass: .5
  m_LinearDrag: 0
  m_AngularDrag: .0500000007
  m_GravityScale: .5
  m_FixedAngle: 0
  m_IsKinematic: 0
  m_Interpolate: 2
  m_SleepingMode: 1
  m_CollisionDetection: 0
--- !u!50 &5000010
Rigidbody2D:
  m_ObjectHideFlags: 1
  m_PrefabParentObject: {fileID: 0}
  m_PrefabInternal: {fileID: 100100000}
  m_GameObject: {fileID: 100002}
  m_Mass: .5
  m_LinearDrag: 0
  m_AngularDrag: .0500000007
  m_GravityScale: .5
  m_FixedAngle: 0
  m_IsKinematic: 0
  m_Interpolate: 2
  m_SleepingMode: 1
  m_CollisionDetection: 0
--- !u!50 &5000012
Rigidbody2D:
  m_ObjectHideFlags: 1
  m_PrefabParentObject: {fileID: 0}
  m_PrefabInternal: {fileID: 100100000}
  m_GameObject: {fileID: 100004}
  m_Mass: .5
  m_LinearDrag: 0
  m_AngularDrag: .0500000007
  m_GravityScale: .5
  m_FixedAngle: 0
  m_IsKinematic: 0
  m_Interpolate: 2
  m_SleepingMode: 1
  m_CollisionDetection: 0
--- !u!60 &6000000
PolygonCollider2D:
  m_ObjectHideFlags: 1
  m_PrefabParentObject: {fileID: 0}
  m_PrefabInternal: {fileID: 100100000}
  m_GameObject: {fileID: 100012}
  m_Enabled: 1
  m_Material: {fileID: 0}
  m_IsTrigger: 0
  m_Poly:
    m_Paths:
    - - {x: 1.03499997, y: -.949999988}
      - {x: .935000002, y: -.600000024}
      - {x: 1.35500002, y: -.159999996}
      - {x: 1.375, y: -.150000006}
      - {x: 1.375, y: -.0700000003}
      - {x: 1.13499999, y: .340000004}
      - {x: .964999974, y: .409999996}
      - {x: .455000013, y: 1}
      - {x: .455000013, y: 1}
      - {x: -.135000005, y: .409999996}
      - {x: -.00499999989, y: 0}
      - {x: -.0149999997, y: -.159999996}
      - {x: -.234999999, y: -.330000013}
      - {x: -.234999999, y: -.430000007}
      - {x: -.165000007, y: -.540000021}
      - {x: -.234999999, y: -.720000029}
      - {x: -.224999994, y: -.730000019}
      - {x: .155000001, y: -1.26999998}
      - {x: .335000008, y: -1.38}
      - {x: .455000013, y: -1.63}
      - {x: .995000005, y: -1.37}
--- !u!60 &6000002
PolygonCollider2D:
  m_ObjectHideFlags: 1
  m_PrefabParentObject: {fileID: 0}
  m_PrefabInternal: {fileID: 100100000}
  m_GameObject: {fileID: 100014}
  m_Enabled: 1
  m_Material: {fileID: 0}
  m_IsTrigger: 0
  m_Poly:
    m_Paths:
    - - {x: 2.30500007, y: .379999995}
      - {x: 1.93499994, y: .800000012}
      - {x: 1.59500003, y: 1.45000005}
      - {x: 1.45500004, y: 1.60000002}
      - {x: .224999994, y: 1.82000005}
      - {x: .224999994, y: 1.55999994}
      - {x: .564999998, y: 1.13}
      - {x: .474999994, y: .660000026}
      - {x: .495000005, y: .660000026}
      - {x: 1.39499998, y: -.159999996}
--- !u!60 &6000004
PolygonCollider2D:
  m_ObjectHideFlags: 1
  m_PrefabParentObject: {fileID: 0}
  m_PrefabInternal: {fileID: 100100000}
  m_GameObject: {fileID: 100008}
  m_Enabled: 1
  m_Material: {fileID: 0}
  m_IsTrigger: 0
  m_Poly:
    m_Paths:
    - - {x: 1.05499995, y: .529999971}
      - {x: 1.16499996, y: .910000026}
      - {x: 1.13499999, y: .949999988}
      - {x: 1.05499995, y: .980000019}
      - {x: .735000014, y: 1.33000004}
      - {x: .665000021, y: 1.36000001}
      - {x: .294999987, y: 1.83000004}
      - {x: -.814999998, y: 1.64999998}
      - {x: -.985000014, y: 1.45000005}
      - {x: -.834999979, y: .870000005}
      - {x: -.605000019, y: .639999986}
      - {x: -.444999993, y: .629999995}
      - {x: -.314999998, y: .540000021}
      - {x: -.215000004, y: .310000002}
      - {x: .0250000004, y: .360000014}
      - {x: .264999986, y: .109999999}
      - {x: .335000008, y: -.00999999978}
      - {x: .694999993, y: .0599999987}
      - {x: .735000014, y: .159999996}
--- !u!60 &6000006
PolygonCollider2D:
  m_ObjectHideFlags: 1
  m_PrefabParentObject: {fileID: 0}
  m_PrefabInternal: {fileID: 100100000}
  m_GameObject: {fileID: 100000}
  m_Enabled: 1
  m_Material: {fileID: 0}
  m_IsTrigger: 0
  m_Poly:
    m_Paths:
    - - {x: -.0450000018, y: .810000002}
      - {x: -.834999979, y: 1.64999998}
      - {x: -1.82047558, y: 1.13533878}
      - {x: -1.82527173, y: 1.05452538}
      - {x: -1.68499994, y: .939999998}
      - {x: -1.01499999, y: .119999997}
      - {x: -.805000007, y: .219999999}
      - {x: -.745000005, y: .119999997}
      - {x: -.595000029, y: .0500000007}
      - {x: -.595000029, y: .0500000007}
      - {x: -.393120408, y: .250201225}
      - {x: -.205407649, y: .354252815}
--- !u!60 &6000008
PolygonCollider2D:
  m_ObjectHideFlags: 1
  m_PrefabParentObject: {fileID: 0}
  m_PrefabInternal: {fileID: 100100000}
  m_GameObject: {fileID: 100006}
  m_Enabled: 1
  m_Material: {fileID: 0}
  m_IsTrigger: 0
  m_Poly:
    m_Paths:
    - - {x: .504999995, y: -1.62}
      - {x: .665000021, y: -1.39999998}
      - {x: .665000021, y: -1.37}
      - {x: .665000021, y: -1.37}
      - {x: .545000017, y: -1.08000004}
      - {x: .365543425, y: -1.00027275}
      - {x: .414999992, y: -.610000014}
      - {x: -.656766474, y: .199456215}
      - {x: -1.16499996, y: -.419999987}
      - {x: -1.29499996, y: -.479999989}
      - {x: -1.36500001, y: -.579999983}
      - {x: -1.29499996, y: -.660000026}
      - {x: -1.39513576, y: -.930679321}
      - {x: -1.17101908, y: -1.25425339}
      - {x: -1.01499999, y: -1.83000004}
      - {x: -.774184704, y: -1.76054382}
      - {x: -.444999993, y: -1.84000003}
--- !u!60 &6000010
PolygonCollider2D:
  m_ObjectHideFlags: 1
  m_PrefabParentObject: {fileID: 0}
  m_PrefabInternal: {fileID: 100100000}
  m_GameObject: {fileID: 100002}
  m_Enabled: 1
  m_Material: {fileID: 0}
  m_IsTrigger: 0
  m_Poly:
    m_Paths:
    - - {x: -.774321496, y: -.338281631}
      - {x: -.555000007, y: .0500000007}
      - {x: -.555000007, y: .0500000007}
      - {x: -1.26499999, y: 1}
      - {x: -1.51499999, y: 1.05999994}
      - {x: -1.59500003, y: .930000007}
      - {x: -1.81500006, y: 1.14999998}
      - {x: -2.20499992, y: .75}
      - {x: -2.17499995, y: .649999976}
      - {x: -1.96500003, y: .439999998}
      - {x: -1.85047555, y: .175067902}
      - {x: -1.86033964, y: .0399999619}
      - {x: -1.54499996, y: -.360000014}
      - {x: -1.45500004, y: -.400000006}
      - {x: -.925543487, y: -.859864235}
--- !u!60 &6000012
PolygonCollider2D:
  m_ObjectHideFlags: 1
  m_PrefabParentObject: {fileID: 0}
  m_PrefabInternal: {fileID: 100100000}
  m_GameObject: {fileID: 100004}
  m_Enabled: 1
  m_Material: {fileID: 0}
  m_IsTrigger: 0
  m_Poly:
    m_Paths:
    - - {x: -.764999986, y: -1.35000002}
      - {x: -.86500001, y: -1.25}
      - {x: -.875, y: -1.09000003}
      - {x: -.935000002, y: -1.03999996}
      - {x: -.915000021, y: -.819999993}
      - {x: -1.64499998, y: .0700000003}
      - {x: -1.78938854, y: .0201358795}
      - {x: -1.82500005, y: .239999995}
      - {x: -1.995, y: .200000003}
      - {x: -2.30500007, y: -.629999995}
      - {x: -1.78499997, y: -1.25}
      - {x: -1.59500003, y: -1.58000004}
      - {x: -1.01925266, y: -1.81999969}
      - {x: -.754999995, y: -1.74000001}
--- !u!114 &11400000
MonoBehaviour:
  m_ObjectHideFlags: 1
  m_PrefabParentObject: {fileID: 0}
  m_PrefabInternal: {fileID: 100100000}
  m_GameObject: {fileID: 100010}
  m_Enabled: 1
  m_EditorHideFlags: 0
  m_Script: {fileID: 11500000, guid: 09a413f55bd22a14e8e64b559d2be16f, type: 3}
  m_Name: 
  m_EditorClassIdentifier: 
  lifespan: 5
--- !u!114 &11400002
MonoBehaviour:
  m_ObjectHideFlags: 1
  m_PrefabParentObject: {fileID: 0}
  m_PrefabInternal: {fileID: 100100000}
  m_GameObject: {fileID: 100010}
  m_Enabled: 1
  m_EditorHideFlags: 0
  m_Script: {fileID: 11500000, guid: 5aa9fb6bef6ca444987286ab02752de1, type: 3}
  m_Name: 
  m_EditorClassIdentifier: 
  vel_x: -.5
--- !u!212 &21200000
SpriteRenderer:
  m_ObjectHideFlags: 1
  m_PrefabParentObject: {fileID: 0}
  m_PrefabInternal: {fileID: 100100000}
  m_GameObject: {fileID: 100000}
  m_Enabled: 1
  m_CastShadows: 0
  m_ReceiveShadows: 0
  m_LightmapIndex: 255
  m_LightmapTilingOffset: {x: 1, y: 1, z: 0, w: 0}
  m_Materials:
  - {fileID: 10754, guid: 0000000000000000e000000000000000, type: 0}
  m_SubsetIndices: 
  m_StaticBatchRoot: {fileID: 0}
  m_UseLightProbes: 0
  m_LightProbeAnchor: {fileID: 0}
  m_ScaleInLightmap: 1
  m_SortingLayerID: 0
  m_SortingOrder: 0
  m_Sprite: {fileID: 21300000, guid: f7a699ee441745b4a92dce07ccf91803, type: 3}
  m_Color: {r: 1, g: 1, b: 1, a: 1}
--- !u!212 &21200002
SpriteRenderer:
  m_ObjectHideFlags: 1
  m_PrefabParentObject: {fileID: 0}
  m_PrefabInternal: {fileID: 100100000}
  m_GameObject: {fileID: 100002}
  m_Enabled: 1
  m_CastShadows: 0
  m_ReceiveShadows: 0
  m_LightmapIndex: 255
  m_LightmapTilingOffset: {x: 1, y: 1, z: 0, w: 0}
  m_Materials:
  - {fileID: 10754, guid: 0000000000000000e000000000000000, type: 0}
  m_SubsetIndices: 
  m_StaticBatchRoot: {fileID: 0}
  m_UseLightProbes: 0
  m_LightProbeAnchor: {fileID: 0}
  m_ScaleInLightmap: 1
  m_SortingLayerID: 0
  m_SortingOrder: 0
  m_Sprite: {fileID: 21300000, guid: 3e8f9ba21734b5c458067979afa9d543, type: 3}
  m_Color: {r: 1, g: 1, b: 1, a: 1}
--- !u!212 &21200004
SpriteRenderer:
  m_ObjectHideFlags: 1
  m_PrefabParentObject: {fileID: 0}
  m_PrefabInternal: {fileID: 100100000}
  m_GameObject: {fileID: 100004}
  m_Enabled: 1
  m_CastShadows: 0
  m_ReceiveShadows: 0
  m_LightmapIndex: 255
  m_LightmapTilingOffset: {x: 1, y: 1, z: 0, w: 0}
  m_Materials:
  - {fileID: 10754, guid: 0000000000000000e000000000000000, type: 0}
  m_SubsetIndices: 
  m_StaticBatchRoot: {fileID: 0}
  m_UseLightProbes: 0
  m_LightProbeAnchor: {fileID: 0}
  m_ScaleInLightmap: 1
  m_SortingLayerID: 0
  m_SortingOrder: 0
  m_Sprite: {fileID: 21300000, guid: 38d14199a956d7447afbe995695ca6e7, type: 3}
  m_Color: {r: 1, g: 1, b: 1, a: 1}
--- !u!212 &21200006
SpriteRenderer:
  m_ObjectHideFlags: 1
  m_PrefabParentObject: {fileID: 0}
  m_PrefabInternal: {fileID: 100100000}
  m_GameObject: {fileID: 100006}
  m_Enabled: 1
  m_CastShadows: 0
  m_ReceiveShadows: 0
  m_LightmapIndex: 255
  m_LightmapTilingOffset: {x: 1, y: 1, z: 0, w: 0}
  m_Materials:
  - {fileID: 10754, guid: 0000000000000000e000000000000000, type: 0}
  m_SubsetIndices: 
  m_StaticBatchRoot: {fileID: 0}
  m_UseLightProbes: 0
  m_LightProbeAnchor: {fileID: 0}
  m_ScaleInLightmap: 1
  m_SortingLayerID: 0
  m_SortingOrder: 0
  m_Sprite: {fileID: 21300000, guid: 98127b4dfb52ed94b99e38991d3b6a96, type: 3}
  m_Color: {r: 1, g: 1, b: 1, a: 1}
--- !u!212 &21200008
SpriteRenderer:
  m_ObjectHideFlags: 1
  m_PrefabParentObject: {fileID: 0}
  m_PrefabInternal: {fileID: 100100000}
  m_GameObject: {fileID: 100008}
  m_Enabled: 1
  m_CastShadows: 0
  m_ReceiveShadows: 0
  m_LightmapIndex: 255
  m_LightmapTilingOffset: {x: 1, y: 1, z: 0, w: 0}
  m_Materials:
  - {fileID: 10754, guid: 0000000000000000e000000000000000, type: 0}
  m_SubsetIndices: 
  m_StaticBatchRoot: {fileID: 0}
  m_UseLightProbes: 0
  m_LightProbeAnchor: {fileID: 0}
  m_ScaleInLightmap: 1
  m_SortingLayerID: 0
  m_SortingOrder: 0
  m_Sprite: {fileID: 21300000, guid: ae02d1bd28f3e834da5c1565ba37a04f, type: 3}
  m_Color: {r: 1, g: 1, b: 1, a: 1}
--- !u!212 &21200010
SpriteRenderer:
  m_ObjectHideFlags: 1
  m_PrefabParentObject: {fileID: 0}
  m_PrefabInternal: {fileID: 100100000}
  m_GameObject: {fileID: 100010}
  m_Enabled: 1
  m_CastShadows: 0
  m_ReceiveShadows: 0
  m_LightmapIndex: 255
  m_LightmapTilingOffset: {x: 1, y: 1, z: 0, w: 0}
  m_Materials:
  - {fileID: 10754, guid: 0000000000000000e000000000000000, type: 0}
  m_SubsetIndices: 
  m_StaticBatchRoot: {fileID: 0}
  m_UseLightProbes: 0
  m_LightProbeAnchor: {fileID: 0}
  m_ScaleInLightmap: 1
  m_SortingLayerID: 2511236001
  m_SortingOrder: 0
  m_Sprite: {fileID: 0}
  m_Color: {r: 1, g: 1, b: 1, a: 1}
--- !u!212 &21200012
SpriteRenderer:
  m_ObjectHideFlags: 1
  m_PrefabParentObject: {fileID: 0}
  m_PrefabInternal: {fileID: 100100000}
  m_GameObject: {fileID: 100012}
  m_Enabled: 1
  m_CastShadows: 0
  m_ReceiveShadows: 0
  m_LightmapIndex: 255
  m_LightmapTilingOffset: {x: 1, y: 1, z: 0, w: 0}
  m_Materials:
  - {fileID: 10754, guid: 0000000000000000e000000000000000, type: 0}
  m_SubsetIndices: 
  m_StaticBatchRoot: {fileID: 0}
  m_UseLightProbes: 0
  m_LightProbeAnchor: {fileID: 0}
  m_ScaleInLightmap: 1
  m_SortingLayerID: 0
  m_SortingOrder: 0
  m_Sprite: {fileID: 21300000, guid: 4b0e2885722bbe446ba7791f1bdd0276, type: 3}
  m_Color: {r: 1, g: 1, b: 1, a: 1}
--- !u!212 &21200014
SpriteRenderer:
  m_ObjectHideFlags: 1
  m_PrefabParentObject: {fileID: 0}
  m_PrefabInternal: {fileID: 100100000}
  m_GameObject: {fileID: 100014}
  m_Enabled: 1
  m_CastShadows: 0
  m_ReceiveShadows: 0
  m_LightmapIndex: 255
  m_LightmapTilingOffset: {x: 1, y: 1, z: 0, w: 0}
  m_Materials:
  - {fileID: 10754, guid: 0000000000000000e000000000000000, type: 0}
  m_SubsetIndices: 
  m_StaticBatchRoot: {fileID: 0}
  m_UseLightProbes: 0
  m_LightProbeAnchor: {fileID: 0}
  m_ScaleInLightmap: 1
  m_SortingLayerID: 0
  m_SortingOrder: 0
  m_Sprite: {fileID: 21300000, guid: a3e4db538371af14fa135921f2632b27, type: 3}
  m_Color: {r: 1, g: 1, b: 1, a: 1}
--- !u!1001 &100100000
Prefab:
  m_ObjectHideFlags: 1
  serializedVersion: 2
  m_Modification:
    m_TransformParent: {fileID: 0}
    m_Modifications: []
    m_RemovedComponents: []
  m_ParentPrefab: {fileID: 0}
  m_RootGameObject: {fileID: 100010}
  m_IsPrefabParent: 1
  m_IsExploded: 1
