%YAML 1.1
%TAG !u! tag:unity3d.com,2011:
--- !u!1 &122410
GameObject:
  m_ObjectHideFlags: 0
  m_PrefabParentObject: {fileID: 0}
  m_PrefabInternal: {fileID: 100100000}
  serializedVersion: 4
  m_Component:
  - 4: {fileID: 422410}
  - 50: {fileID: 5022410}
  - 82: {fileID: 8222410}
  - 114: {fileID: 11422404}
  - 23: {fileID: 2322410}
  - 102: {fileID: 10222410}
  - 61: {fileID: 6122410}
  - 114: {fileID: 11422406}
  m_Layer: 0
  m_Name: CASTRO
  m_TagString: Untagged
  m_Icon: {fileID: 0}
  m_NavMeshLayer: 0
  m_StaticEditorFlags: 0
  m_IsActive: 1
--- !u!1 &122412
GameObject:
  m_ObjectHideFlags: 0
  m_PrefabParentObject: {fileID: 0}
  m_PrefabInternal: {fileID: 100100000}
  serializedVersion: 4
  m_Component:
  - 4: {fileID: 422412}
  - 50: {fileID: 5022412}
  - 82: {fileID: 8222412}
  - 114: {fileID: 11422408}
  - 23: {fileID: 2322412}
  - 102: {fileID: 10222412}
  - 61: {fileID: 6122412}
  - 114: {fileID: 11422410}
  - 114: {fileID: 11422412}
  m_Layer: 0
  m_Name: Luke
  m_TagString: Untagged
  m_Icon: {fileID: 0}
  m_NavMeshLayer: 0
  m_StaticEditorFlags: 0
  m_IsActive: 1
--- !u!4 &422410
Transform:
  m_ObjectHideFlags: 1
  m_PrefabParentObject: {fileID: 0}
  m_PrefabInternal: {fileID: 100100000}
  m_GameObject: {fileID: 122410}
  m_LocalRotation: {x: 0, y: 0, z: 0, w: 1}
  m_LocalPosition: {x: 38.5355339, y: -18.8391953, z: 0}
  m_LocalScale: {x: 1.38888919, y: 1.38888919, z: 1.38888919}
  m_Children: []
  m_Father: {fileID: 422412}
  m_RootOrder: 0
--- !u!4 &422412
Transform:
  m_ObjectHideFlags: 1
  m_PrefabParentObject: {fileID: 0}
  m_PrefabInternal: {fileID: 100100000}
  m_GameObject: {fileID: 122412}
  m_LocalRotation: {x: 0, y: 0, z: 0, w: 1}
  m_LocalPosition: {x: 4.67999935, y: 8.27196503, z: -3.9000001}
  m_LocalScale: {x: .0887492821, y: .0887492821, z: .0887492821}
  m_Children:
  - {fileID: 422410}
  m_Father: {fileID: 0}
  m_RootOrder: 0
--- !u!23 &2322410
Renderer:
  m_ObjectHideFlags: 1
  m_PrefabParentObject: {fileID: 0}
  m_PrefabInternal: {fileID: 100100000}
  m_GameObject: {fileID: 122410}
  m_Enabled: 1
  m_CastShadows: 1
  m_ReceiveShadows: 1
  m_LightmapIndex: 255
  m_LightmapTilingOffset: {x: 1, y: 1, z: 0, w: 0}
  m_Materials:
  - {fileID: 2100000, guid: 1bad88f5a1799184c976d15f87e8c94f, type: 2}
  m_SubsetIndices: 
  m_StaticBatchRoot: {fileID: 0}
  m_UseLightProbes: 0
  m_LightProbeAnchor: {fileID: 0}
  m_ScaleInLightmap: 1
  m_SortingLayerID: 0
  m_SortingOrder: 0
--- !u!23 &2322412
Renderer:
  m_ObjectHideFlags: 1
  m_PrefabParentObject: {fileID: 0}
  m_PrefabInternal: {fileID: 100100000}
  m_GameObject: {fileID: 122412}
  m_Enabled: 1
  m_CastShadows: 1
  m_ReceiveShadows: 1
  m_LightmapIndex: 255
  m_LightmapTilingOffset: {x: 1, y: 1, z: 0, w: 0}
  m_Materials:
  - {fileID: 2100000, guid: 1bad88f5a1799184c976d15f87e8c94f, type: 2}
  m_SubsetIndices: 
  m_StaticBatchRoot: {fileID: 0}
  m_UseLightProbes: 0
  m_LightProbeAnchor: {fileID: 0}
  m_ScaleInLightmap: 1
  m_SortingLayerID: 0
  m_SortingOrder: 0
--- !u!50 &5022410
Rigidbody2D:
  m_ObjectHideFlags: 1
  m_PrefabParentObject: {fileID: 0}
  m_PrefabInternal: {fileID: 100100000}
  m_GameObject: {fileID: 122410}
  m_Mass: 1
  m_LinearDrag: 0
  m_AngularDrag: .0500000007
  m_GravityScale: 1
  m_FixedAngle: 1
  m_IsKinematic: 1
  m_Interpolate: 0
  m_SleepingMode: 1
  m_CollisionDetection: 0
--- !u!50 &5022412
Rigidbody2D:
  m_ObjectHideFlags: 1
  m_PrefabParentObject: {fileID: 0}
  m_PrefabInternal: {fileID: 100100000}
  m_GameObject: {fileID: 122412}
  m_Mass: 1
  m_LinearDrag: 0
  m_AngularDrag: .0500000007
  m_GravityScale: 1
  m_FixedAngle: 1
  m_IsKinematic: 1
  m_Interpolate: 0
  m_SleepingMode: 1
  m_CollisionDetection: 0
--- !u!61 &6122410
BoxCollider2D:
  m_ObjectHideFlags: 1
  m_PrefabParentObject: {fileID: 0}
  m_PrefabInternal: {fileID: 100100000}
  m_GameObject: {fileID: 122410}
  m_Enabled: 1
  m_Material: {fileID: 0}
  m_IsTrigger: 0
  m_Size: {x: 168.199982, y: 23.0599995}
  m_Center: {x: 84.0999908, y: -5.71000004}
--- !u!61 &6122412
BoxCollider2D:
  m_ObjectHideFlags: 1
  m_PrefabParentObject: {fileID: 0}
  m_PrefabInternal: {fileID: 100100000}
  m_GameObject: {fileID: 122412}
  m_Enabled: 1
  m_Material: {fileID: 0}
  m_IsTrigger: 0
  m_Size: {x: 168.199982, y: 23.0599995}
  m_Center: {x: 84.0999908, y: -5.71000004}
--- !u!82 &8222410
AudioSource:
  m_ObjectHideFlags: 1
  m_PrefabParentObject: {fileID: 0}
  m_PrefabInternal: {fileID: 100100000}
  m_GameObject: {fileID: 122410}
  m_Enabled: 1
  serializedVersion: 3
  m_audioClip: {fileID: 0}
  m_PlayOnAwake: 1
  m_Volume: 1
  m_Pitch: 1
  Loop: 0
  Mute: 0
  Priority: 128
  DopplerLevel: 1
  MinDistance: 1
  MaxDistance: 500
  Pan2D: 0
  rolloffMode: 2
  BypassEffects: 0
  BypassListenerEffects: 0
  BypassReverbZones: 0
  rolloffCustomCurve:
    serializedVersion: 2
    m_Curve:
    - time: .00200000009
      value: 1
      inSlope: -500.200928
      outSlope: -500.200928
      tangentMode: 0
    m_PreInfinity: 2
    m_PostInfinity: 2
  panLevelCustomCurve:
    serializedVersion: 2
    m_Curve:
    - time: 0
      value: 1
      inSlope: 0
      outSlope: 0
      tangentMode: 0
    m_PreInfinity: 2
    m_PostInfinity: 2
  spreadCustomCurve:
    serializedVersion: 2
    m_Curve:
    - time: 0
      value: 0
      inSlope: 0
      outSlope: 0
      tangentMode: 0
    m_PreInfinity: 2
    m_PostInfinity: 2
--- !u!82 &8222412
AudioSource:
  m_ObjectHideFlags: 1
  m_PrefabParentObject: {fileID: 0}
  m_PrefabInternal: {fileID: 100100000}
  m_GameObject: {fileID: 122412}
  m_Enabled: 1
  serializedVersion: 3
  m_audioClip: {fileID: 0}
  m_PlayOnAwake: 1
  m_Volume: 1
  m_Pitch: 1
  Loop: 0
  Mute: 0
  Priority: 128
  DopplerLevel: 1
  MinDistance: 1
  MaxDistance: 500
  Pan2D: 0
  rolloffMode: 0
  BypassEffects: 0
  BypassListenerEffects: 0
  BypassReverbZones: 0
  rolloffCustomCurve:
    serializedVersion: 2
    m_Curve:
    - time: 0
      value: 1
      inSlope: 0
      outSlope: 0
      tangentMode: 0
    - time: 1
      value: 0
      inSlope: 0
      outSlope: 0
      tangentMode: 0
    m_PreInfinity: 2
    m_PostInfinity: 2
  panLevelCustomCurve:
    serializedVersion: 2
    m_Curve:
    - time: 0
      value: 1
      inSlope: 0
      outSlope: 0
      tangentMode: 0
    m_PreInfinity: 2
    m_PostInfinity: 2
  spreadCustomCurve:
    serializedVersion: 2
    m_Curve:
    - time: 0
      value: 0
      inSlope: 0
      outSlope: 0
      tangentMode: 0
    m_PreInfinity: 2
    m_PostInfinity: 2
--- !u!102 &10222410
TextMesh:
  serializedVersion: 3
  m_ObjectHideFlags: 1
  m_PrefabParentObject: {fileID: 0}
  m_PrefabInternal: {fileID: 100100000}
  m_GameObject: {fileID: 122410}
  m_Text: ' luke star midnight'
  m_OffsetZ: 0
  m_CharacterSize: 1
  m_LineSpacing: 1
  m_Anchor: 0
  m_Alignment: 0
  m_TabSize: 4
  m_FontSize: 0
  m_FontStyle: 0
  m_RichText: 1
  m_Font: {fileID: 12800000, guid: 789a7abf9b3305d4d973e4a5716ba5dd, type: 2}
  m_Color:
    serializedVersion: 2
    rgba: 4294967295
--- !u!102 &10222412
TextMesh:
  serializedVersion: 3
  m_ObjectHideFlags: 1
  m_PrefabParentObject: {fileID: 0}
  m_PrefabInternal: {fileID: 100100000}
  m_GameObject: {fileID: 122412}
  m_Text: Special dog director
  m_OffsetZ: 0
  m_CharacterSize: 1
  m_LineSpacing: 1
  m_Anchor: 0
  m_Alignment: 0
  m_TabSize: 4
  m_FontSize: 0
  m_FontStyle: 0
  m_RichText: 1
  m_Font: {fileID: 12800000, guid: 789a7abf9b3305d4d973e4a5716ba5dd, type: 2}
  m_Color:
    serializedVersion: 2
    rgba: 4294967295
--- !u!114 &11422404
MonoBehaviour:
  m_ObjectHideFlags: 1
  m_PrefabParentObject: {fileID: 0}
  m_PrefabInternal: {fileID: 100100000}
  m_GameObject: {fileID: 122410}
  m_Enabled: 1
  m_EditorHideFlags: 0
  m_Script: {fileID: 11500000, guid: 339b0cf8f80e2534bb60d59e13675e2d, type: 3}
  m_Name: 
  m_EditorClassIdentifier: 
  howMuch: 10
  instance: {fileID: 100000, guid: d4779e2628d1ff84b8e7059fdcd55849, type: 2}
  iType: 3
  positionToInstantiate: {x: 0, y: 0, z: 0}
  upperLimit: 10
  bottomLimit: -10
  leftLimit: 0
  rightLimit: 100
--- !u!114 &11422406
MonoBehaviour:
  m_ObjectHideFlags: 1
  m_PrefabParentObject: {fileID: 0}
  m_PrefabInternal: {fileID: 100100000}
  m_GameObject: {fileID: 122410}
  m_Enabled: 1
  m_EditorHideFlags: 0
  m_Script: {fileID: 11500000, guid: bc5c2927539b72d45ad44cccca83ee91, type: 3}
  m_Name: 
  m_EditorClassIdentifier: 
  myPieces: {fileID: 0}
  GiveDamage: 0
  GiveBonus: 1
  sfx: {fileID: 8300000, guid: 2c66db05603ee724fa914831bafbc445, type: 3}
--- !u!114 &11422408
MonoBehaviour:
  m_ObjectHideFlags: 1
  m_PrefabParentObject: {fileID: 0}
  m_PrefabInternal: {fileID: 100100000}
  m_GameObject: {fileID: 122412}
  m_Enabled: 1
  m_EditorHideFlags: 0
  m_Script: {fileID: 11500000, guid: 339b0cf8f80e2534bb60d59e13675e2d, type: 3}
  m_Name: 
  m_EditorClassIdentifier: 
  howMuch: 10
  instance: {fileID: 100000, guid: d4779e2628d1ff84b8e7059fdcd55849, type: 2}
  iType: 3
  positionToInstantiate: {x: 0, y: 0, z: 0}
  upperLimit: 10
  bottomLimit: -10
  leftLimit: 0
  rightLimit: 100
--- !u!114 &11422410
MonoBehaviour:
  m_ObjectHideFlags: 1
  m_PrefabParentObject: {fileID: 0}
  m_PrefabInternal: {fileID: 100100000}
  m_GameObject: {fileID: 122412}
  m_Enabled: 1
  m_EditorHideFlags: 0
  m_Script: {fileID: 11500000, guid: bc5c2927539b72d45ad44cccca83ee91, type: 3}
  m_Name: 
  m_EditorClassIdentifier: 
  myPieces: {fileID: 0}
  GiveDamage: 0
  GiveBonus: 1
  sfx: {fileID: 8300000, guid: 2c66db05603ee724fa914831bafbc445, type: 3}
--- !u!114 &11422412
MonoBehaviour:
  m_ObjectHideFlags: 1
  m_PrefabParentObject: {fileID: 0}
  m_PrefabInternal: {fileID: 100100000}
  m_GameObject: {fileID: 122412}
  m_Enabled: 0
  m_EditorHideFlags: 0
  m_Script: {fileID: 11500000, guid: dca40eb73d2944f47897c1af30ef914a, type: 3}
  m_Name: 
  m_EditorClassIdentifier: 
--- !u!1001 &100100000
Prefab:
  m_ObjectHideFlags: 1
  serializedVersion: 2
  m_Modification:
    m_TransformParent: {fileID: 0}
    m_Modifications: []
    m_RemovedComponents: []
  m_ParentPrefab: {fileID: 0}
  m_RootGameObject: {fileID: 122412}
  m_IsPrefabParent: 1
  m_IsExploded: 1
